% encoding: UTF8

@book{latex_start,
  author    = {刘海洋},
  editor    = {高洪霞},
  title     = {{\LaTeX} 入门},
  publisher = {电子工业出版社},
  year      = {2013-6}
}